%% This BibTeX bibliography file was created using BibDesk.
%% http://bibdesk.sourceforge.net/

%% Created for Satok Chai'kun at 2014-10-17 20:24:14 +0700
%% Saved with string encoding Unicode (UTF-8)

@book{tu:2556fk,
    author        = "สำนักหอสมุด",
    title         = "คู่มือวิทยานิพนธ์",
    edition       = "Eight",
    publisher     = "มหาวิทยาลัยธรรมศาสตร์",
    address       = "มหาวิทยาลัยธรรมศาสตร์ ท่าพระจันทร์ กรุงเทพมหานคร 10200",
    year          = "2556",
}

@book{Oversampling:1992,
    editor        = "J. C. Candy and G. C. Temes",
    title         = "Oversampling Delta-Sigma Data Converters Theory,
                     Design and Simulation",
    publisher     = "{IEEE} Press.",
    location      = "New York",
    year          = "1992"
}

@article{Midgap:1997,
    author        = "A. Castaldini and A. Cavallini and B. Fraboni
                     and P. Fernandez and J. Piqueras",
    title         = "Midgap Traps Related to Compensation Processes in
                     {CdTe} Alloys",
    journaltitle  = "Phys. Rev. B.",
    volume        = "56",
    number        = "23",
    year          = "1997",
    pages         = "14897-14900"
}

@article{IEEEexample:articledualmonths,
    author        = "Y. Okada and K. Dejima and T. Ohishi",
    title         = "Analysis and Comparison of {PM} Synchronous Motor and
                     Induction Motor Type Magnetic Bearings",
    journaltitle  = "IEEE Trans. Ind. Appl.",
    volume        = "31",
    year          = "1995",
    pages         = "1047-1053"
}

@online{Lorenz:1998,
    author        = "D. H. Lorenz and A. Orda",
    title         = "Optimal Partition of {QoS} Requirements on Unicast
                     Paths and Multicast Trees",
    institution   = "Dept. Elect. Eng., Technion",
    location      = "Haifa, Israel",
    url           = "ftp://ftp.technion.ac.il/pub/supported/ee/Network/lor.mopq98.ps",
    year          = "1998"
}

@misc{Warakorn:2011,
    author        = "{วรากรณ์ สามโกเศศ}",
    title         = "สถิติการศึกษาไทย",
    year          = "2011",
    howpublished  = "\url{https://wwisartsakul.wordpress.com/2011/04/21/สถิติการศึกษาไทย-โดย-วร/}",
}

@misc{NFC,
    author        = "{เสฏฐวุฒิ แสนนาม}",
    title         = "{NFC}",
    year          = "2013",
    howpublished  = "\url{https://www.thaicert.or.th/papers/general/2013/pa2013ge001.html}",
}

@misc{graph,
    author        = "{สมเกียรติ สุนทรสวัสดิ์}",
    title         = "ทฤษฎีกราฟเบื้องต้น",
    year          = "2017",
    howpublished  = "\url{http://www.scimath.org/lesson-mathematics/item/7334-2017-06-17-14-37-32}",
}
